<record><leader>00000cas a22000007a 4500</leader><controlfield tag="001">11832768</controlfield><controlfield tag="008">850321c19479999iaudn ne      0    0eng d</controlfield><datafield ind1=" " ind2=" " tag="010"><subfield code="a">sn 85050780 </subfield></datafield><datafield ind1=" " ind2=" " tag="040"><subfield code="a">INP</subfield><subfield code="b">eng</subfield><subfield code="c">INP</subfield><subfield code="d">OCL</subfield><subfield code="d">INP</subfield><subfield code="d">CUS</subfield><subfield code="d">OCLCQ</subfield><subfield code="d">OCLCA</subfield><subfield code="d">OCLCF</subfield><subfield code="d">OCLCO</subfield><subfield code="d">OCLCA</subfield></datafield><datafield ind1="1" ind2=" " tag="029"><subfield code="a">AU@</subfield><subfield code="b">000025786916</subfield></datafield><datafield ind1=" " ind2=" " tag="042"><subfield code="a">msc</subfield></datafield><datafield ind1="0" ind2="0" tag="245"><subfield code="a">Iowa State daily.</subfield></datafield><datafield ind1="3" ind2="0" tag="246"><subfield code="a">Daily</subfield></datafield><datafield ind1=" " ind2=" " tag="260"><subfield code="a">Ames, Iowa :</subfield><subfield code="b">[Students of Iowa State College],</subfield><subfield code="c">1947-</subfield></datafield><datafield ind1=" " ind2=" " tag="300"><subfield code="a">v. :</subfield><subfield code="b">ill.</subfield></datafield><datafield ind1=" " ind2=" " tag="310"><subfield code="a">Daily except Saturdays, Sundays, holidays and the two final weeks during the school year</subfield></datafield><datafield ind1="0" ind2=" " tag="362"><subfield code="a">Vol. 77, no. 1 (Sept. 20, 1947)-</subfield></datafield><datafield ind1=" " ind2=" " tag="500"><subfield code="a">Centennial edition published Mar. 22, 1958.</subfield></datafield><datafield ind1=" " ind2=" " tag="500"><subfield code="a">Published by Students of Iowa State University, Sept. 10, 1959- ; Iowa State Daily Publication Board, Feb. 22, 1969-</subfield></datafield><datafield ind1=" " ind2=" " tag="515"><subfield code="a">Occasional errors in numbering.</subfield></datafield><datafield ind1="2" ind2="0" tag="610"><subfield code="a">Iowa State University</subfield><subfield code="x">Students</subfield><subfield code="v">Newspapers.</subfield></datafield><datafield ind1=" " ind2="7" tag="655"><subfield code="a">Newspapers.</subfield><subfield code="2">fast</subfield><subfield code="0">(OCoLC)fst01423814</subfield></datafield><datafield ind1="2" ind2="7" tag="610"><subfield code="a">Iowa State University.</subfield><subfield code="2">fast</subfield><subfield code="0">(OCoLC)fst00555992</subfield></datafield><datafield ind1=" " ind2="7" tag="650"><subfield code="a">Students.</subfield><subfield code="2">fast</subfield><subfield code="0">(OCoLC)fst01136041</subfield></datafield><datafield ind1="2" ind2=" " tag="710"><subfield code="a">Iowa State College.</subfield></datafield><datafield ind1="2" ind2=" " tag="710"><subfield code="a">Iowa State University.</subfield></datafield><datafield ind1=" " ind2=" " tag="752"><subfield code="a">United States</subfield><subfield code="b">Iowa</subfield><subfield code="c">Story</subfield><subfield code="d">Ames.</subfield></datafield><datafield ind1="0" ind2="0" tag="780"><subfield code="t">Iowa State daily student</subfield><subfield code="w">(DLC)sn 85050779</subfield></datafield></record>